<?xml version="1.0" encoding="UTF-8"?><collection xmlns="http://www.loc.gov/MARC21/slim"><record><leader>00450nam--2200145-i-4500</leader><controlfield tag="001">000013917</controlfield><controlfield tag="002">20161230</controlfield><controlfield tag="005">20161230201030</controlfield><controlfield tag="008">060222s1000------------r-----000-0-eng-d</controlfield><datafield ind1=" " ind2=" " tag="080"><subfield code="a">681.326.32</subfield></datafield><datafield ind1=" " ind2=" " tag="100"><subfield code="a">Agrawala, Ashok K. And Rauscher, Tomlinson G</subfield></datafield><datafield ind1=" " ind2=" " tag="245"><subfield code="a">Foundations of microprogramming, architesture, software, and applications</subfield></datafield><datafield ind1=" " ind2=" " tag="260"><subfield code="a">New York, Academic Press, Inc., 1976. Xvii+416p</subfield></datafield><datafield ind1=" " ind2=" " tag="490"><subfield code="a">Acm Monograph Series</subfield></datafield><datafield ind1=" " ind2=" " tag="852"><subfield code="a">49366</subfield></datafield></record></collection>